@misc{ELCN405,
    author = {Cairo University - Faculty of Engineering - ELCN405 Staff},
    title = {Electromagnetics 3 [ELCN405]},
    year = {2020},
}

@book{BALANIS,
    author = {Constantine A. Balanis},
    title = {Antenna Theory Analysis},
    publisher = {Wiley},
    year = {2005},
}
